@article{Heckbert:1990:ART:97880.97895,
 author = {Heckbert, Paul S.},
 title = {Adaptive Radiosity Textures for Bidirectional Ray Tracing},
 journal = {SIGGRAPH Comput. Graph.},
 issue_date = {Aug. 1990},
 volume = {24},
 number = {4},
 month = sep,
 year = {1990},
 issn = {0097-8930},
 pages = {145--154},
 numpages = {10},
 url = {http://doi.acm.org/10.1145/97880.97895},
 doi = {10.1145/97880.97895},
 acmid = {97895},
 publisher = {ACM},
 address = {New York, NY, USA},
} 

@article{Cook:1984:DRT:964965.808590,
 author = {Cook, Robert L. and Porter, Thomas and Carpenter, Loren},
 title = {Distributed Ray Tracing},
 journal = {SIGGRAPH Comput. Graph.},
 issue_date = {July 1984},
 volume = {18},
 number = {3},
 month = jan,
 year = {1984},
 issn = {0097-8930},
 pages = {137--145},
 numpages = {9},
 url = {http://doi.acm.org/10.1145/964965.808590},
 doi = {10.1145/964965.808590},
 acmid = {808590},
 publisher = {ACM},
 address = {New York, NY, USA},
 keywords = {Camera, Constructive solid geometry, Depth of field, Focus, Gloss, Motion blur, Penumbras, Ray tracing, Shadows, Translucency, Transparency},
} 

@article{Whitted:1980:IIM:358876.358882,
 author = {Whitted, Turner},
 title = {An Improved Illumination Model for Shaded Display},
 journal = {Commun. ACM},
 issue_date = {June 1980},
 volume = {23},
 number = {6},
 month = jun,
 year = {1980},
 issn = {0001-0782},
 pages = {343--349},
 numpages = {7},
 url = {http://doi.acm.org/10.1145/358876.358882},
 doi = {10.1145/358876.358882},
 acmid = {358882},
 publisher = {ACM},
 address = {New York, NY, USA},
 keywords = {computer animation, computer graphics, raster displays, shading, visible surface algorithms},
} 

@article{Cook:1982:RMC:357290.357293,
 author = {Cook, R. L. and Torrance, K. E.},
 title = {A Reflectance Model for Computer Graphics},
 journal = {ACM Trans. Graph.},
 issue_date = {Jan. 1982},
 volume = {1},
 number = {1},
 month = jan,
 year = {1982},
 issn = {0730-0301},
 pages = {7--24},
 numpages = {18},
 url = {http://doi.acm.org/10.1145/357290.357293},
 doi = {10.1145/357290.357293},
 acmid = {357293},
 publisher = {ACM},
 address = {New York, NY, USA},
 keywords = {image synthesis, reflectance},
} 

@article{Heitz2014Microfacet,
   author  = {Eric Heitz},
   title   = {Understanding the Masking-Shadowing Function in Microfacet-Based BRDFs},
   year    = {2014},
   month   = {June},
   day     = {30},
   journal = {Journal of Computer Graphics Techniques (JCGT)},
   volume  = {3},
   number  = {2},
   pages   = {48--107},
   url     = {http://jcgt.org/published/0003/02/03/},
   issn    = {2331-7418}
}          

@article{Kajiya:1986:RE:15886.15902,
 author = {Kajiya, James T.},
 title = {The Rendering Equation},
 journal = {SIGGRAPH Comput. Graph.},
 issue_date = {Aug. 1986},
 volume = {20},
 number = {4},
 month = aug,
 year = {1986},
 issn = {0097-8930},
 pages = {143--150},
 numpages = {8},
 url = {http://doi.acm.org/10.1145/15886.15902},
 doi = {10.1145/15886.15902},
 acmid = {15902},
 publisher = {ACM},
 address = {New York, NY, USA},
} 

@article{Jarosz:2008:RCP:1330511.1330518,
 author = {Jarosz, Wojciech and Donner, Craig and Zwicker, Matthias and Jensen, Henrik Wann},
 title = {Radiance Caching for Participating Media},
 journal = {ACM Trans. Graph.},
 issue_date = {March 2008},
 volume = {27},
 number = {1},
 month = mar,
 year = {2008},
 issn = {0730-0301},
 pages = {7:1--7:11},
 articleno = {7},
 numpages = {11},
 url = {http://doi.acm.org/10.1145/1330511.1330518},
 doi = {10.1145/1330511.1330518},
 acmid = {1330518},
 publisher = {ACM},
 address = {New York, NY, USA},
 keywords = {Global illumination, Monte Carlo ray tracing, gradients, irradiance caching, participating media, ray marching, rendering, spherical harmonics},
} 

@article{Hosek:2012:AMF:2185520.2185591,
 author = {Hosek, Lukas and Wilkie, Alexander},
 title = {An Analytic Model for Full Spectral Sky-dome Radiance},
 journal = {ACM Trans. Graph.},
 issue_date = {July 2012},
 volume = {31},
 number = {4},
 month = jul,
 year = {2012},
 issn = {0730-0301},
 pages = {95:1--95:9},
 articleno = {95},
 numpages = {9},
 url = {http://doi.acm.org/10.1145/2185520.2185591},
 doi = {10.1145/2185520.2185591},
 acmid = {2185591},
 publisher = {ACM},
 address = {New York, NY, USA},
 keywords = {skylight models},
} 

@article{hart1996sphere,
  title={Sphere tracing: A geometric method for the antialiased ray tracing of implicit surfaces},
  author={Hart, John C},
  journal={The Visual Computer},
  volume={12},
  number={10},
  pages={527--545},
  year={1996},
  publisher={Springer}
}